<?xml version="1.0" encoding="UTF-8"?><collection xmlns="http://www.loc.gov/MARC21/slim"><record><leader>00486nam--2200181-i-4500</leader><controlfield tag="001">000044782</controlfield><controlfield tag="002">20161230</controlfield><controlfield tag="005">20161230201044</controlfield><controlfield tag="008">060222s1000------------r-----000-0-fre-d</controlfield><datafield ind1=" " ind2=" " tag="040"><subfield code="a">IFIN-HH</subfield></datafield><datafield ind1=" " ind2=" " tag="041"><subfield code="a">fre</subfield></datafield><datafield ind1=" " ind2=" " tag="080"><subfield code="a">533.661</subfield></datafield><datafield ind1="1" ind2=" " tag="100"><subfield code="a">Thomson, J.J</subfield></datafield><datafield ind1="1" ind2="0" tag="245"><subfield code="a">Passage de l`electricite a travers les gaz</subfield><subfield code="b">Traduit par r.fric, a.faure</subfield><subfield code="c">J.-j. thomson</subfield></datafield><datafield ind1=" " ind2=" " tag="260"><subfield code="a">Paris</subfield><subfield code="b">Gauthier-villars</subfield><subfield code="c">1912</subfield></datafield><datafield ind1=" " ind2=" " tag="300"><subfield code="a">VI + 694P</subfield></datafield><datafield ind1=" " ind2=" " tag="852"><subfield code="a">44452</subfield><subfield code="c">H.H</subfield></datafield><datafield ind1=" " ind2=" " tag="CAT"><subfield code="a">Sys</subfield><subfield code="c">20130404</subfield><subfield code="h">175925</subfield></datafield></record></collection>